@article{bakun84,
  title={Seismic moments, local magnitudes, and coda-duration magnitudes for earthquakes in central California},
  author={Bakun, William H},
  journal={Bulletin of the Seismological Society of America},
  volume={74},
  number={2},
  pages={439--458},
  year={1984},
  publisher={The Seismological Society of America}
}
@article{chen07,
  title={Towards a universal rule on the recurrence interval scaling of repeating earthquakes?},
  author={Chen, Kate Huihsuan and Nadeau, Robert M and Rau, Ruey-Juin},
  journal={Geophysical Research Letters},
  volume={34},
  number={16},
  year={2007},
  publisher={Wiley Online Library}
}
@article{chen08,
  title={Characteristic repeating earthquakes in an arc-continent collision boundary zone: The Chihshang fault of eastern Taiwan},
  author={Chen, Kate Huihsuan and Nadeau, Robert M and Rau, Ruey-Juin},
  journal={Earth and Planetary Science Letters},
  volume={276},
  number={3-4},
  pages={262--272},
  year={2008},
  publisher={Elsevier}
}
@article{funning21,
    title={Updated fault creep mapping across northern and central California using improved repeating earthquake detection strategies},
    author = {Funning, Gareth J. and Shakibay Senobari, Nader},
    journal = {USGS}
}
@article{igarashi03,
  title={Repeating earthquakes and interplate aseismic slip in the northeastern Japan subduction zone},
  author={Igarashi, Toshihiro and Matsuzawa, Toru and Hasegawa, Akira},
  journal={Journal of Geophysical Research: Solid Earth},
  volume={108},
  number={B5},
  year={2003},
  publisher={Wiley Online Library}
}
@article{johnson22,
  title={Creep Rate Models for the 2023 US National Seismic Hazard Model: Physically Constrained Inversions for the Distribution of Creep on California Faults},
  author={Johnson, Kaj M and Murray, Jessica R and Wespestad, Crystal},
  year={2022}
}
@article{khoshmanesh15,
  title={Time-dependent model of aseismic slip on the central San Andreas Fault from InSAR time series and repeating earthquakes},
  author={Khoshmanesh, Mostafa and Shirzaei, Manoochehr and Nadeau, Robert M},
  journal={Journal of Geophysical Research: Solid Earth},
  volume={120},
  number={9},
  pages={6658--6679},
  year={2015},
  publisher={Wiley Online Library}
}
@article{lienkaemper91,
  title={Historic creep rate and potential for seismic slip along the Hayward fault, California},
  author={Lienkaemper, JJ and Borchardt, Glenn and Lisowski, Michael},
  journal={Journal of Geophysical Research: Solid Earth},
  volume={96},
  number={B11},
  pages={18261--18283},
  year={1991},
  publisher={Wiley Online Library}
}
@article{matsuzawa02,
  title={Characteristic small-earthquake sequence off Sanriku, northeastern Honshu, Japan},
  author={Matsuzawa, Toru and Igarashi, Toshihiro and Hasegawa, Akira},
  journal={Geophysical Research Letters},
  volume={29},
  number={11},
  pages={38--1},
  year={2002},
  publisher={Wiley Online Library}
}
@article{nadeau98,
  title={Seismological studies at Parkfield VI: Moment release rates and estimates of source parameters for small repeating earthquakes},
  author={Nadeau, Robert M. and Johnson, Lane R.},
  journal={Bulletin of the Seismological Society of America},
  volume={88},
  number={3},
  pages={790--814},
  year={1998},
  publisher={The Seismological Society of America}
}
@article{nadeau04,
    author = {Nadeau, Robert M. and McEvilly,Thomas V. },
    title = {Periodic Pulsing of Characteristic Microearthquakes on the San Andreas Fault},
    journal = {Science},
    volume = {303},
    number = {5655},
    pages = {220-222},
    year = {2004},
    doi = {10.1126/science.1090353},
    URL = {https://www.science.org/doi/abs/10.1126/science.1090353},
    eprint = {https://www.science.org/doi/pdf/10.1126/science.1090353},
    abstract = {Deep fault slip information from characteristically repeating microearthquakes reveals previously unrecognized patterns of extensive, large-amplitude, long-duration, quasiperiodic repetition of aseismic events along much of a 175-kilometer segment of the central San Andreas fault.Pulsing occurs both in conjunction with and independent of transient slip from larger earthquakes.It extends to depths of âˆ¼10 to 11 kilometers but may be deeper, and it may be related to similar phenomena occurring in subduction zones.Over much of the study area, pulse onset periods also show a higher probability of larger earthquakes, which may provide useful information for earthquake forecasting.}
}
@misc{ncedc,
    author = {NCEDC},
    title = {{ Northern California Earthquake Data Center, UC Berkeley Seismological Laboratory, Dataset.}
    year = {2014}
    doi = {doi:10.7932/NCEDC}
}}
@article{shakibay19,
  title={Widespread fault creep in the northern San Francisco Bay Area revealed by multistation cluster detection of repeating earthquakes},
  author={Shakibay Senobari, Nader and Funning, Gareth J.},
  journal={Geophysical Research Letters},
  volume={46},
  number={12},
  pages={6425--6434},
  year={2019},
  publisher={Wiley Online Library}
}
